@article{greenwade93,
    author  = "George D. Greenwade",
    title   = "The {C}omprehensive {T}ex {A}rchive {N}etwork ({CTAN})",
    year    = "1993",
    journal = "TUGBoat",
    volume  = "14",
    number  = "3",
    pages   = "342--351"
}

@article{ied_proc_recrutement,
    author = "Institut Ethique & Diversit√©",
    title = "Guide de Recrutement non discriminatoire",
    year = "Juin 2009"
}